@book{tanenbaum_modern_os,
  author    = {Andrew S. Tanenbaum and Herbert Bos},
  title     = {Modern Operating Systems},
  edition   = {4th},
  year      = {2014},
  publisher = {Pearson Education},
  address   = {Upper Saddle River, NJ},
  isbn      = {978-0133591620},
  url       = {https://www.pearson.com/en-us/subject-catalog/p/modern-operating-systems/P200000003768},
  note      = {Available in multiple editions and widely used in academia.}
}

@misc{creating_syscall,
  author       = {Beletti},
  title        = {Creating a System Call - English},
  year         = {2015},
  month        = {October},
  day          = {11},
  howpublished = {\url{https://github.com/rhiguita/lab-minix/blob/master/eng_us/Seen2-Creating_a_System_Call-English.txt}},
  note         = {Guide available on GitHub for learning purposes related to MINIX system calls.},
  url          = {https://github.com/rhiguita/lab-minix/blob/master/eng_us/Seen2-Creating_a_System_Call-English.txt}
}

@misc{minix3docs,
  author       = {Andrew S. Tanenbaum},
  title        = {MINIX 3 Documentation},
  year         = {2024},
  howpublished = {\url{https://www.minix3.org/doc/}},
  note         = {Official documentation for MINIX 3, a microkernel-based operating system.},
  url          = {https://www.minix3.org/doc/}
}


